<record><leader>00000cas a22000007a 4500</leader><controlfield tag="001">15024472</controlfield><controlfield tag="008">861230d18221823inuwr ne      0    0eng d</controlfield><datafield ind1=" " ind2=" " tag="010"><subfield code="a">sn 86059147 </subfield></datafield><datafield ind1=" " ind2=" " tag="040"><subfield code="a">NPI</subfield><subfield code="b">eng</subfield><subfield code="c">NPI</subfield><subfield code="d">OCLCQ</subfield></datafield><datafield ind1=" " ind2=" " tag="042"><subfield code="a">msc</subfield></datafield><datafield ind1="0" ind2="0" tag="245"><subfield code="a">Farmers &amp; mechanics journal.</subfield></datafield><datafield ind1="3" ind2="0" tag="246"><subfield code="a">Farmers and mechanics journal</subfield></datafield><datafield ind1=" " ind2=" " tag="260"><subfield code="a">Vincennes, Ia [i.e. Ind.] :</subfield><subfield code="b">J.W. Osborn for A. Kinney,</subfield><subfield code="c">1822-1823.</subfield></datafield><datafield ind1=" " ind2=" " tag="300"><subfield code="a">1 v.</subfield></datafield><datafield ind1=" " ind2=" " tag="310"><subfield code="a">Weekly</subfield></datafield><datafield ind1="0" ind2=" " tag="362"><subfield code="a">Vol. 1, no. 1 (Dec. 14, 1822)-v. 1, no. 35 (Sept. 25, 1823).</subfield></datafield><datafield ind1=" " ind2=" " tag="752"><subfield code="a">United States</subfield><subfield code="b">Indiana</subfield><subfield code="c">Knox</subfield><subfield code="d">Vincennes.</subfield></datafield></record>